<record><leader>00000cas a22000007a 4500</leader><controlfield tag="001">26786025</controlfield><controlfield tag="008">921014d19351963nmudn ne      0    0eng d</controlfield><datafield ind1=" " ind2=" " tag="010"><subfield code="a">sn 92070476 </subfield></datafield><datafield ind1=" " ind2=" " tag="040"><subfield code="a">NVM</subfield><subfield code="b">eng</subfield><subfield code="c">NVM</subfield><subfield code="d">OCLCQ</subfield></datafield><datafield ind1=" " ind2=" " tag="042"><subfield code="a">msc</subfield></datafield><datafield ind1=" " ind2=" " tag="043"><subfield code="a">n-us-nm</subfield></datafield><datafield ind1="0" ind2="0" tag="245"><subfield code="a">Silver City daily press and independent.</subfield></datafield><datafield ind1="3" ind2="0" tag="246"><subfield code="a">Silver City daily press</subfield><subfield code="f">June 16, 1942-Jan. 21, 1943</subfield></datafield><datafield ind1=" " ind2=" " tag="260"><subfield code="a">Silver City, N.M. :</subfield><subfield code="b">Clyde Ely</subfield></datafield><datafield ind1=" " ind2=" " tag="300"><subfield code="a">v.</subfield></datafield><datafield ind1=" " ind2=" " tag="310"><subfield code="a">Daily (except Saturday and Sunday)</subfield></datafield><datafield ind1="0" ind2=" " tag="362"><subfield code="a">Vol. 40, no. 26 (June 24, 1935)-v. 68, no. 294 (June 18, 1963).</subfield></datafield><datafield ind1=" " ind2=" " tag="530"><subfield code="a">Also on microfilm: El Paso, Texas : Southwest Micropublishing, Inc.</subfield></datafield><datafield ind1=" " ind2="4" tag="651"><subfield code="a">Silver City (N.M.)</subfield><subfield code="v">Newspapers.</subfield></datafield><datafield ind1=" " ind2="4" tag="651"><subfield code="a">Grant County (N.M.)</subfield><subfield code="v">Newspapers.</subfield></datafield><datafield ind1=" " ind2=" " tag="752"><subfield code="a">United States</subfield><subfield code="b">New Mexico</subfield><subfield code="c">Grant</subfield><subfield code="d">Silver City.</subfield></datafield><datafield ind1="0" ind2="4" tag="780"><subfield code="t">Silver City daily press (Silver City, N.M. : 1899)</subfield></datafield><datafield ind1="0" ind2="4" tag="780"><subfield code="t">Silver City independent</subfield><subfield code="w">(DLC)sn 86063833</subfield></datafield><datafield ind1="0" ind2="0" tag="785"><subfield code="t">Silver City daily press (Silver City, N.M. : 1963)</subfield><subfield code="w">(DLC)sn 86010725</subfield></datafield><datafield ind1="1" ind2=" " tag="029"><subfield code="a">AU@</subfield><subfield code="b">000020737089</subfield></datafield></record>